% Encoding: UTF-8

@inproceedings{barham2003xen,
 author = {Barham, Paul and Dragovic, Boris and Fraser, Keir and Hand, Steven and Harris, Tim and Ho, Alex and Neugebauer, Rolf and Pratt, Ian and Warfield, Andrew},
 title = {Xen and the Art of Virtualization},
 booktitle = {Proceedings of the Nineteenth ACM Symposium on Operating Systems Principles},
 series = {SOSP '03},
 year = {2003},
 isbn = {1-58113-757-5},
 location = {Bolton Landing, NY, USA},
 pages = {164--177},
 numpages = {14},
 url = {http://doi.acm.org/10.1145/945445.945462},
 doi = {10.1145/945445.945462},
 acmid = {945462},
 publisher = {ACM},
 address = {New York, NY, USA},
 keywords = {hypervisors, paravirtualization, virtual machine monitors},
}

@inproceedings{kivity2007kvm,
  title={kvm: the Linux virtual machine monitor},
  author={Kivity, Avi and Kamay, Yaniv and Laor, Dor and Lublin, Uri and Liguori, Anthony},
  booktitle={Proceedings of the Linux Symposium},
  volume={1},
  pages={225--230},
  year={2007}
}

@inproceedings{xu2009performance,
  title={Performance evaluation of parallel programming in virtual machine environment},
  author={Xu, Cong and Bai, Yuebin and Luo, Cheng},
  booktitle={Network and Parallel Computing, 2009. NPC'09. Sixth IFIP International Conference on},
  pages={140--147},
  year={2009},
  organization={IEEE}
}

@inproceedings{lv2012virtualization,
  title={Virtualization challenges: a view from server consolidation perspective},
  author={Lv, Hui and Dong, Yaozu and Duan, Jiangang and Tian, Kevin},
  booktitle={ACM SIGPLAN Notices},
  volume={47},
  number={7},
  pages={15--26},
  year={2012},
  organization={ACM}
}

@inproceedings{song2013schedule,
  title={Schedule processes, not vcpus},
  author={Song, Xiang and Shi, Jicheng and Chen, Haibo and Zang, Binyu},
  booktitle={Proceedings of the 4th Asia-Pacific Workshop on Systems},
  pages={1},
  year={2013},
  organization={ACM}
}

@inproceedings{chen2001virtual,
  title={When virtual is better than real [operating system relocation to virtual machines]},
  author={Chen, Peter M and Noble, Brian D},
  booktitle={Hot Topics in Operating Systems, 2001. Proceedings of the Eighth Workshop on},
  pages={133--138},
  year={2001},
  organization={IEEE}
}

@inproceedings{weng2009hybrid,
  title={The hybrid scheduling framework for virtual machine systems},
  author={Weng, Chuliang and Wang, Zhigang and Li, Minglu and Lu, Xinda},
  booktitle={Proceedings of the 2009 ACM SIGPLAN/SIGOPS international conference on Virtual execution environments},
  pages={111--120},
  year={2009},
  organization={ACM}
}

@inproceedings{sukwong2011co,
  title={Is co-scheduling too expensive for SMP VMs?},
  author={Sukwong, Orathai and Kim, Hyong S},
  booktitle={Proceedings of the sixth conference on Computer systems},
  pages={257--272},
  year={2011},
  organization={ACM}
}

@inproceedings{bai2010task,
  title={Task-aware based co-scheduling for virtual machine system},
  author={Bai, Yuebin and Xu, Cong and Li, Zhi},
  booktitle={Proceedings of the 2010 ACM Symposium on Applied Computing},
  pages={181--188},
  year={2010},
  organization={ACM}
}

@article{waldspurger2002memory,
  title={Memory resource management in VMware ESX server},
  author={Waldspurger, Carl A},
  journal={ACM SIGOPS Operating Systems Review},
  volume={36},
  number={SI},
  pages={181--194},
  year={2002},
  publisher={ACM}
}

@Misc{vsphere41,
TypeofLit = {EB/OL},
url = {http://www.vmware.com/files/pdf/techpaper/VMW\_vSphere41\_cpu\_schedule\_ESX.pdf},
title = {The CPU Scheduler in VMware ESX 4.1.}
}

@inproceedings{bienia2008parsec,
  title={The PARSEC benchmark suite: Characterization and architectural implications},
  author={Bienia, Christian and Kumar, Sanjeev and Singh, Jaswinder Pal and Li, Kai},
  booktitle={Proceedings of the 17th international conference on Parallel architectures and compilation techniques},
  pages={72--81},
  year={2008},
  organization={ACM}
}

@Misc{perf,
TypeofLit = {EB/OL},
url = {http://lwn.net/Articles/487018/},
title = {Linux profiling with Perf.}
}

@Misc{lockstat,
TypeofLit = {EB/OL},
url = {http://lwn.net/Articles/252835/},
title = {lockstat in linux kernel.}
}

@Misc{hammalund2003inter,
  TypeofLit = {Patent},
  title={Inter-processor interrupts},
  author={Hammalund, Per and Crossland, James and Kaushik, Shivnandan and Aggarwal, Anil},
  year={2003},
  month=jul # "~31",
  publisher={Google Patents},
  note={US Patent App. 10/631,522}
}

@Misc{linux,
TypeofLit = {EB/OL},
url = {https://www.kernel.org/},
title = {The Linux Kernel Archives.}
}

@inproceedings{liu2014scalable,
  title={Scalable read-mostly synchronization using passive reader-writer locks},
  author={Liu, Ran and Zhang, Heng and Chen, Haibo},
  booktitle={Proceedings of the 2014 USENIX conference on USENIX Annual Technical Conference},
  pages={219--230},
  year={2014},
  organization={USENIX Association}
}

@article{anderson1990performance,
  title={The performance of spin lock alternatives for shared-money multiprocessors},
  author={Anderson, Thomas E.},
  journal={Parallel and Distributed Systems, IEEE Transactions on},
  volume={1},
  number={1},
  pages={6--16},
  year={1990},
  publisher={IEEE}
}

@article{guide2010intel,
  title={Intel{\textregistered} 64 and IA-32 Architectures Software Developerâ€™s Manual. Volume 3: System Programming Guide.},
  author={Guide, Part},
  month = {August},
  organization = {Intel Corporation},
  year={2013}
}

@inproceedings{mckenney1998read,
  title={Read-copy update: Using execution history to solve concurrency problems},
  author={McKenney, Paul E and Slingwine, John D},
  booktitle={Parallel and Distributed Computing and Systems},
  pages={509--518},
  year={1998}
}

@inproceedings{mwaikambo2004linux,
  title={Linux kernel hotplug CPU support},
  author={Mwaikambo, Zwane and Raj, Ashok and Russell, Rusty and Schopp, Joel and Vaddagiri, Srivatsa},
  booktitle={Linux Symposium},
  volume={2},
  year={2004}
}

@inproceedings{bellard2005qemu,
  title={QEMU, a Fast and Portable Dynamic Translator.},
  author={Bellard, Fabrice},
  booktitle={USENIX Annual Technical Conference, FREENIX Track},
  pages={41--46},
  year={2005}
}

@inproceedings{rao2014towards,
  title={Towards fair and efficient SMP virtual machine scheduling},
  author={Rao, Jia and Zhou, Xiaobo},
  booktitle={Proceedings of the 19th ACM SIGPLAN symposium on Principles and practice of parallel programming},
  pages={273--286},
  year={2014},
  organization={ACM}
}

@inproceedings{uhlig2004towards,
  title={Towards Scalable Multiprocessor Virtual Machines.},
  author={Uhlig, Volkmar and LeVasseur, Joshua and Skoglund, Espen and Dannowski, Uwe},
  booktitle={Virtual Machine Research and Technology Symposium},
  pages={43--56},
  year={2004}
}

@inproceedings{kim2013demand,
  title={Demand-based coordinated scheduling for smp vms},
  author={Kim, Hwanju and Kim, Sangwook and Jeong, Jinkyu and Lee, Joonwon and Maeng, Seungryoul},
  booktitle={ACM SIGPLAN Notices},
  volume={48},
  number={4},
  pages={369--380},
  year={2013},
  organization={ACM}
}

@article{boyd2010analysis,
  title={An analysis of Linux scalability to many cores},
  author={Boyd-Wickizer, Silas and Clements, Austin T and Mao, Yandong and Pesterev, Aleksey and Kaashoek, M Frans and Morris, Robert and Zeldovich, Nickolai},
  year={2010},
  publisher={USENIX Association}
}






