% Encoding: UTF-8

@misc{beloussov2008virtual,
  title={Virtual private server with enhanced security},
  author={Beloussov, Serguei M and Protassov, Stanislav S and Tormasov, Alexander G},
  year={2008},
  month=dec # "~2",
  publisher={Google Patents},
  note={US Patent 7,461,144}
}

@article{barham2003xen,
  title={Xen and the art of virtualization},
  author={Barham, Paul and Dragovic, Boris and Fraser, Keir and Hand, Steven and Harris, Tim and Ho, Alex and Neugebauer, Rolf and Pratt, Ian and Warfield, Andrew},
  journal={ACM SIGOPS Operating Systems Review},
  volume={37},
  number={5},
  pages={164--177},
  year={2003},
  publisher={ACM}
}

@inproceedings{kivity2007kvm,
  title={kvm: the Linux virtual machine monitor},
  author={Kivity, Avi and Kamay, Yaniv and Laor, Dor and Lublin, Uri and Liguori, Anthony},
  booktitle={Proceedings of the Linux Symposium},
  volume={1},
  pages={225--230},
  year={2007}
}

@inproceedings{zhang2011cloudvisor,
  title={CloudVisor: retrofitting protection of virtual machines in multi-tenant cloud with nested virtualization},
  author={Zhang, Fengzhe and Chen, Jin and Chen, Haibo and Zang, Binyu},
  booktitle={Proceedings of the Twenty-Third ACM Symposium on Operating Systems Principles},
  pages={203--216},
  year={2011},
  organization={ACM}
}

@inproceedings{kandukuri2009cloud,
  title={Cloud security issues},
  author={Kandukuri, Balachandra Reddy and Paturi, V Ramakrishna and Rakshit, Atanu},
  booktitle={Services Computing, 2009. SCC'09. IEEE International Conference on},
  pages={517--520},
  year={2009},
  organization={IEEE}
}

@Misc{gmailprivacy,
TypeofLit = {EB/OL},
url = {http://www.cnet.com/news/google-fired-engineer-for-privacy-breach/},
title = {Google fired engineer for privacy breach.}
}

@inproceedings{ben2010turtles,
  title={The Turtles Project: Design and Implementation of Nested Virtualization.},
  author={Ben-Yehuda, Muli and Day, Michael D and Dubitzky, Zvi and Factor, Michael and Har'El, Nadav and Gordon, Abel and Liguori, Anthony and Wasserman, Orit and Yassour, Ben-Ami},
  booktitle={OSDI},
  volume={10},
  pages={423--436},
  year={2010}
}