% Encoding: UTF-8

@article{lawton1996bochs,
  title={Bochs: A portable pc emulator for unix/x},
  author={Lawton, Kevin P},
  journal={Linux Journal},
  volume={1996},
  number={29es},
  pages={7},
  year={1996},
  publisher={Belltown Media}
}

@inproceedings{bellard2005qemu,
  title={QEMU, a Fast and Portable Dynamic Translator.},
  author={Bellard, Fabrice},
  booktitle={USENIX Annual Technical Conference, FREENIX Track},
  pages={41--46},
  year={2005}
}

@article{barham2003xen,
  title={Xen and the art of virtualization},
  author={Barham, Paul and Dragovic, Boris and Fraser, Keir and Hand, Steven and Harris, Tim and Ho, Alex and Neugebauer, Rolf and Pratt, Ian and Warfield, Andrew},
  journal={ACM SIGOPS Operating Systems Review},
  volume={37},
  number={5},
  pages={164--177},
  year={2003},
  publisher={ACM}
}

@inproceedings{sugerman2001virtualizing,
  title={Virtualizing I/O Devices on VMware Workstation's Hosted Virtual Machine Monitor.},
  author={Sugerman, Jeremy and Venkitachalam, Ganesh and Lim, Beng-Hong},
  booktitle={USENIX Annual Technical Conference, General Track},
  pages={1--14},
  year={2001}
}

@inproceedings{kivity2007kvm,
  title={kvm: the Linux virtual machine monitor},
  author={Kivity, Avi and Kamay, Yaniv and Laor, Dor and Lublin, Uri and Liguori, Anthony},
  booktitle={Proceedings of the Linux Symposium},
  volume={1},
  pages={225--230},
  year={2007}
}

@techreport{robin2000analysis,
  title={Analysis of the Intel Pentium's ability to support a secure virtual machine monitor},
  author={Robin, John S and Irvine, Cynthia E},
  year={2000},
  institution={DTIC Document}
}

@article{agesen2010evolution,
  title={The evolution of an x86 virtual machine monitor},
  author={Agesen, Ole and Garthwaite, Alex and Sheldon, Jeffrey and Subrahmanyam, Pratap},
  journal={ACM SIGOPS Operating Systems Review},
  volume={44},
  number={4},
  pages={3--18},
  year={2010},
  publisher={ACM}
}

@article{bugnion1997disco,
  title={Disco: Running commodity operating systems on scalable multiprocessors},
  author={Bugnion, Edouard and Devine, Scott and Govil, Kinshuk and Rosenblum, Mendel},
  journal={ACM Transactions on Computer Systems (TOCS)},
  volume={15},
  number={4},
  pages={412--447},
  year={1997},
  publisher={ACM}
}

@article{popek1974formal,
  title={Formal requirements for virtualizable third generation architectures},
  author={Popek, Gerald J and Goldberg, Robert P},
  journal={Communications of the ACM},
  volume={17},
  number={7},
  pages={412--421},
  year={1974},
  publisher={ACM}
}

@article{adams2006comparison,
  title={A comparison of software and hardware techniques for x86 virtualization},
  author={Adams, Keith and Agesen, Ole},
  journal={ACM Sigplan Notices},
  volume={41},
  number={11},
  pages={2--13},
  year={2006},
  publisher={ACM}
}